@misc{philipphenkel_english_2018,
	title = {English:  {Arduino} {Uno} {Microcontroller} {Board}},
	shorttitle = {English},
	url = {https://commons.wikimedia.org/wiki/File:ArduinoUno.svg},
	urldate = {2025-08-09},
	author = {{PhilippHenkel}},
	month = nov,
	year = {2018},
}

@misc{noauthor_raspberry_nodate,
	title = {Raspberry {Pi} {Icon} \#35510 - {Free} {Icons} {Library}},
	url = {https://icon-library.com/icon/raspberry-pi-icon-20.html},
	urldate = {2025-08-09},
}

@misc{eu_cyber_res_act,
	title = {Cyber {Resilience} {Act} {\textbar} {Shaping} {Europe}â€™s digital future},
	url = {https://digital-strategy.ec.europa.eu/en/policies/cyber-resilience-act},
	abstract = {The Cyber Resilience Act enhances cybersecurity standards of products that contain a digital component, requiring manufacturers and retailers to ensure cybersecurity throughout the lifecycle of their products.},
	language = {en},
	urldate = {2025-08-17},
}

@misc{bheisler_criterionrs_nodate,
	title = {Criterion.rs - {Criterion}.rs {Documentation}},
	url = {https://bheisler.github.io/criterion.rs/book/criterion_rs.html},
	urldate = {2025-08-17},
	author = {{bheisler}},
}
